 @book{coch2009,
  title={Asset pricing: Revised edition},
  author={Cochrane, John H},
  year={2009},
  publisher={Princeton university press}
}
